@misc{AutoPartsList,
  title = {List Of Auto Parts},
  howpublished = {\url{https://en.wikipedia.org/wiki/List_of_auto_parts}}
}